<?xml version="1.0" encoding="UTF-8"?><collection xmlns="http://www.loc.gov/MARC21/slim"><record><leader>00594nam--2200205-i-4500</leader><controlfield tag="001">000023350</controlfield><controlfield tag="002">20161230</controlfield><controlfield tag="005">20161230201035</controlfield><controlfield tag="008">060222s1000------------r-----000-0-ger-d</controlfield><datafield ind1=" " ind2=" " tag="040"><subfield code="a">IFIN-HH</subfield></datafield><datafield ind1=" " ind2=" " tag="041"><subfield code="a">ger</subfield></datafield><datafield ind1=" " ind2=" " tag="080"><subfield code="a">539.18(07)</subfield></datafield><datafield ind1="1" ind2=" " tag="100"><subfield code="a">Hansel, H</subfield></datafield><datafield ind1="1" ind2="0" tag="245"><subfield code="a">Physik, eine darstellung der grundlagen. iii. elektrische und magnetische felder strahlenoptik</subfield><subfield code="c">H. hansel, w. neumann</subfield></datafield><datafield ind1=" " ind2=" " tag="260"><subfield code="a">Berlin</subfield><subfield code="b">Veb Deutscher Verlag Der Wissenschaften</subfield><subfield code="c">1973</subfield></datafield><datafield ind1=" " ind2=" " tag="300"><subfield code="a">363P</subfield></datafield><datafield ind1=" " ind2=" " tag="490"><subfield code="a">Studienbucherei</subfield></datafield><datafield ind1="1" ind2=" " tag="700"><subfield code="a">Neumann, W</subfield></datafield><datafield ind1=" " ind2=" " tag="852"><subfield code="a">40217</subfield><subfield code="c">53</subfield></datafield><datafield ind1=" " ind2=" " tag="CAT"><subfield code="a">Sys</subfield><subfield code="c">20150317</subfield><subfield code="h">081708</subfield></datafield></record></collection>